@article{Vartak2018MODELDBOA,
  title={MODELDB: Opportunities and Challenges in Managing Machine Learning Models},
  author={Manasi Vartak and Samuel Madden},
  journal={IEEE Data Eng. Bull.},
  year={2018},
  volume={41},
  pages={16-25}
}

@article{SCHRODER2022,
title = {Monitoring machine learning models: A categorization of challenges and methods},
journal = {Data Science and Management},
year = {2022},
issn = {2666-7649},
doi = {https://doi.org/10.1016/j.dsm.2022.07.004},
url = {https://www.sciencedirect.com/science/article/pii/S2666764922000303},
author = {Tim Schr√∂der and Michael Schulz},
keywords = {Machine learning, Monitoring, Operations, Taxonomy},
abstract = {The importance of software based on machine learning is growing rapidly, but the potential of prototypes may not be realized in operation. This study identified six categories of challenges for verification and validation of machine learning applications during production. Subsequently, monitoring was analyzed as a possible solution to mitigate those challenges. Capturing relevant data and model metrics may reveal problems at an early stage, allowing for targeted countermeasures. This study presents a taxonomy of methods and metrics currently addressed in scientific literature and compares these categories with case studies from practice.}
}

@book{ieee1983ieee,
  title={IEEE Standard Glossary of Software Engineering Terminology},
  author={IEEE Computer Society. Software Engineering Technical Committee},
  volume={729},
  number={1983},
  year={1983},
  publisher={IEEE}
}

@book{machin2013statistics,
  title={Statistics with confidence: confidence intervals and statistical guidelines},
  author={Machin, David and Bryant, Trevor and Altman, Douglas and Gardner, Martin},
  year={2013},
  publisher={John Wiley \& Sons}
}

@misc{czakon_2022, title={Best tools to do ML model monitoring}, url={https://neptune.ai/blog/ml-model-monitoring-best-tools}, journal={neptune.ai}, author={Czakon, Jakub}, year={2022}} 

@misc{mishra_2019, title={Machine learning in the AWS cloud: Add intelligence to applications with Amazon Sagemaker and Amazon Rekognition}, url={https://aws.amazon.com/sagemaker/}, journal={Amazon}, publisher={John Wiley &amp; Sons}, author={Mishra, Abhishek}, year={2019}} 

@misc{flaml, title={Getting started}, url={https://microsoft.github.io/FLAML/docs/Getting-Started/}, journal={FLAML}} 

@misc{tensorflow, title={Introduction to tensorflow}, url={https://www.tensorflow.org/learn}, journal={TensorFlow}} 

@misc{dataman_2022, title={Monitor your model performance with python Streamlit}, url={https://medium.com/dataman-in-ai/monitor-your-model-performance-with-python-streamlit-e0db20f09023}, journal={Medium}, publisher={Dataman in AI}, author={Dataman, Chris Kuo/Dr.}, year={2022}} 

@misc{mooney_2022, title={Stock market data (NASDAQ, NYSE, S&amp;P500)}, url={https://www.kaggle.com/datasets/paultimothymooney/stock-market-data}, journal={Kaggle}, author={Mooney, Paul}, year={2022}} 

@misc{cifar-100, url={https://www.cs.toronto.edu/~kriz/cifar.html}, journal={CIFAR-10 and CIFAR-100 datasets}} 

@misc{ajayi_2018, title={Multi-class weather dataset for Image Classification}, url={https://data.mendeley.com/datasets/4drtyfjtfy/1}, journal={Mendeley Data}, publisher={Mendeley Data}, author={Ajayi, Gbeminiyi}, year={2018}} 

@misc{syviaw_2021, title={Bankchurners}, url={https://www.kaggle.com/datasets/syviaw/bankchurners}, journal={Kaggle}, author={Syviaw}, year={2021}} 

@misc{data.world_2016, title={City of Baltimore Crime Data - dataset by data-society}, url={https://data.world/data-society/city-of-baltimore-crime-data}, journal={data.world}, year={2016}} 
@inproceedings{
    7796926,
    author={N. {Patki} and R. {Wedge} and K. {Veeramachaneni}},
    booktitle={2016 IEEE International Conference on Data Science and Advanced Analytics (DSAA)},
    title={The Synthetic Data Vault},
    year={2016},
    volume={},
    number={},
    pages={399-410},
    keywords={data analysis;relational databases;synthetic data vault;SDV;generative model;relational database;multivariate modelling;predictive model;data analysis;data science;Data models;Databases;Computational modeling;Predictive models;Hidden Markov models;Numerical models;Synthetic data generation;crowd sourcing;data science;predictive modeling},
    doi={10.1109/DSAA.2016.49},
    ISSN={},
    month={Oct}
}